<?xml version="1.0" encoding="UTF-8"?><collection xmlns="http://www.loc.gov/MARC21/slim"><record><leader>00327nam--2200121-i-4500</leader><controlfield tag="001">000009146</controlfield><controlfield tag="002">20161230</controlfield><controlfield tag="005">20161230201028</controlfield><controlfield tag="008">060222s1000------------r-----000-0-eng-d</controlfield><datafield ind1=" " ind2=" " tag="245"><subfield code="a">Cercetare in chimie</subfield></datafield><datafield ind1=" " ind2=" " tag="260"><subfield code="a">Bucuresti, Centrul De Documentare Al Industrie I Chimice Si Petroliere, 1967-1969</subfield></datafield><datafield ind1=" " ind2=" " tag="490"><subfield code="a">127 P</subfield></datafield><datafield ind1=" " ind2=" " tag="852"><subfield code="a">54:65</subfield></datafield></record></collection>